@article{eyck2006effect,
  title={Effect of a virtual coach on athletes’ motivation},
  author={Eyck, Anke and Geerlings, Kelvin and Karimova, Dina and Meerbeek, Bernt and Wang, Lu and IJsselsteijn, Wijnand and de Kort, Yvonne and Roersma, Michiel and Westerink, Joyce},
  journal={Persuasive Technology},
  pages={158--161},
  year={2006},
  publisher={Springer}
}
@article{rosenberg2007importance,
  title={The importance of interface agent visual presence: Voice alone is less effective in impacting young women’s attitudes toward engineering},
  author={Rosenberg-Kima, Rinat and Baylor, Amy and Plant, E and Doerr, Celeste},
  journal={Persuasive Technology},
  pages={214--222},
  year={2007},
  publisher={Springer}
}
@article{baylor2009promoting,
  title={Promoting motivation with virtual agents and avatars: role of visual presence and appearance},
  author={Baylor, Amy L},
  journal={Philosophical Transactions of the Royal Society B: Biological Sciences},
  volume={364},
  number={1535},
  pages={3559--3565},
  year={2009},
  publisher={The Royal Society}
}
@article{ter2011design,
  title={Design and evaluation of a virtual reality exposure therapy system with automatic free speech interaction},
  author={ter Heijden, Niels and Brinkman, Willem-Paul},
  journal={Journal of CyberTherapy and Rehabilitation},
  volume={4},
  number={1},
  pages={41--56},
  year={2011}
}
@book{clutterbuck2009virtual,
  title={Virtual coach, virtual mentor},
  author={Clutterbuck, David and Hussain, Zulfi},
  year={2009},
  publisher={Information Age Pub Incorporated}
}
@article{blanson2009online,
  title={An online lifestyle diary with a persuasive computer assistant providing feedback on self-management},
  author={Blanson Henkemans, Olivier A and van der Boog, Paul JM and Lindenberg, Jasper and van der Mast, Charles APG and Neerincx, Mark A and Zwetsloot-Schonk, Bertie JHM},
  journal={Technology and Health Care},
  volume={17},
  number={3},
  pages={253--267},
  year={2009},
  publisher={IOS Press}
}
@article{alpay2007,
  title={Empowering Citizens in Assessing Health Related Websites: A Driving Force for Healthcare overnance},
  author={L.L. Alpay, R.I. Overberg and J.H.M. Zwetsloot-Schonk},
  journal={International Journal of Healthcare Technology and Management (IJHTM), Special issue: “Governing ICT in healthcare and governing healthcare with ICT”},
  volume={8(1/2)},
  pages={141--160},
  year={2007}
}